@ARTICLE{ref1,
AUTHOR = "Zdzislaw Pawlak",
TITLE = "Rough sets",
JOURNAL = "International Journal of Computer Infomation Science",
YEAR = "1982",
volume = "5",
pages = "341-356",
}
